@article{jin18,
	author    = {Wengong Jin and
	Regina Barzilay and
	Tommi S. Jaakkola},
	title     = {Junction Tree Variational Autoencoder for Molecular Graph Generation},
	journal   = {CoRR},
	volume    = {abs/1802.04364},
	year      = {2018},
	url       = {http://arxiv.org/abs/1802.04364},
	archivePrefix = {arXiv},
	eprint    = {1802.04364},
	timestamp = {Mon, 13 Aug 2018 16:48:16 +0200},
	biburl    = {https://dblp.org/rec/bib/journals/corr/abs-1802-04364},
	bibsource = {dblp computer science bibliography, https://dblp.org}
}

@ARTICLE{kusner17,
	author = {{Kusner}, M.~J. and {Paige}, B. and {Hern{\'a}ndez-Lobato}, J.~M.
	},
	title = "{Grammar Variational Autoencoder}",
	journal = {ArXiv e-prints},
	archivePrefix = "arXiv",
	eprint = {1703.01925},
	primaryClass = "stat.ML",
	keywords = {Statistics - Machine Learning},
	year = 2017,
	month = mar,
	adsurl = {http://adsabs.harvard.edu/abs/2017arXiv170301925K},
	adsnote = {Provided by the SAO/NASA Astrophysics Data System}
}

@incollection{Duvenaud15,
	title = {Convolutional Networks on Graphs for Learning Molecular Fingerprints},
	author = {Duvenaud, David K and Maclaurin, Dougal and Iparraguirre, Jorge and Bombarell, Rafael and Hirzel, Timothy and Aspuru-Guzik, Alan and Adams, Ryan P},
	booktitle = {Advances in Neural Information Processing Systems 28},
	editor = {C. Cortes and N. D. Lawrence and D. D. Lee and M. Sugiyama and R. Garnett},
	pages = {2224--2232},
	year = {2015},
	publisher = {Curran Associates, Inc.},
	url = {http://papers.nips.cc/paper/5954-convolutional-networks-on-graphs-for-learning-molecular-fingerprints.pdf}
}

@ARTICLE{Kearnes16,
	author = {{Kearnes}, S. and {McCloskey}, K. and {Berndl}, M. and {Pande}, V. and 
	{Riley}, P.},
	title = "{Molecular graph convolutions: moving beyond fingerprints}",
	journal = {Journal of Computer-Aided Molecular Design},
	archivePrefix = "arXiv",
	eprint = {1603.00856},
	primaryClass = "stat.ML",
	keywords = {Machine learning, Virtual screening, Deep learning, Artificial neural networks, Molecular descriptors},
	year = 2016,
	month = aug,
	volume = 30,
	pages = {595-608},
	doi = {10.1007/s10822-016-9938-8},
	adsurl = {http://adsabs.harvard.edu/abs/2016JCAMD..30..595K},
	adsnote = {Provided by the SAO/NASA Astrophysics Data System}
}

@article{Gomez-Bombarelli16,
	author    = {Rafael G{\'{o}}mez{-}Bombarelli and
	David K. Duvenaud and
	Jos{\'{e}} Miguel Hern{\'{a}}ndez{-}Lobato and
	Jorge Aguilera{-}Iparraguirre and
	Timothy D. Hirzel and
	Ryan P. Adams and
	Al{\'{a}}n Aspuru{-}Guzik},
	title     = {Automatic chemical design using a data-driven continuous representation
	of molecules},
	journal   = {CoRR},
	volume    = {abs/1610.02415},
	year      = {2016},
	url       = {http://arxiv.org/abs/1610.02415},
	archivePrefix = {arXiv},
	eprint    = {1610.02415},
	timestamp = {Mon, 13 Aug 2018 16:48:11 +0200},
	biburl    = {https://dblp.org/rec/bib/journals/corr/Gomez-Bombarelli16},
	bibsource = {dblp computer science bibliography, https://dblp.org}
}

@article{Gilmer17,
	author    = {Justin Gilmer and
	Samuel S. Schoenholz and
	Patrick F. Riley and
	Oriol Vinyals and
	George E. Dahl},
	title     = {Neural Message Passing for Quantum Chemistry},
	journal   = {CoRR},
	volume    = {abs/1704.01212},
	year      = {2017},
	url       = {http://arxiv.org/abs/1704.01212},
	archivePrefix = {arXiv},
	eprint    = {1704.01212},
	timestamp = {Mon, 13 Aug 2018 16:48:42 +0200},
	biburl    = {https://dblp.org/rec/bib/journals/corr/GilmerSRVD17},
	bibsource = {dblp computer science bibliography, https://dblp.org}
}

@article{Weininger88,
	added-at = {2011-12-21T01:05:11.000+0100},
	author = {Weininger, David},
	biburl = {https://www.bibsonomy.org/bibtex/228aa27d2f95c7abc5f2ee8108bce0cee/fairybasslet},
	interhash = {9355c8b62f703f5a56486af179ea6dfc},
	intrahash = {28aa27d2f95c7abc5f2ee8108bce0cee},
	journal = {J. Chem. Inf. Comput. Sci.},
	keywords = {SMILES},
	number = 1,
	pages = {31-36},
	publisher = {American Chemical Society},
	timestamp = {2011-12-21T01:05:16.000+0100},
	title = {SMILES, a chemical language and information system. 1. introduction to methodology and encoding rules},
	volume = 28,
	year = 1988
}

@book{BirdKleinLoper09NLTK,
	author = {Steven Bird and Ewan Klein and Edward Loper},
	title = {{Natural Language Processing with Python}},
	publisher = {O'Reilly Media},
	year = 2009
}

@article{zinc15,
	author = {Sterling, Teague and Irwin, John J.},
	title = {ZINC 15 â€“ Ligand Discovery for Everyone},
	journal = {Journal of Chemical Information and Modeling},
	volume = {55},
	number = {11},
	pages = {2324-2337},
	year = {2015},
	doi = {10.1021/acs.jcim.5b00559},
	note ={PMID: 26479676},
	
	URL = { 
	https://doi.org/10.1021/acs.jcim.5b00559
	
	},
	eprint = { 
	https://doi.org/10.1021/acs.jcim.5b00559
	
	}
	
}


@article{Transformer17,
	author    = {Ashish Vaswani and
	Noam Shazeer and
	Niki Parmar and
	Jakob Uszkoreit and
	Llion Jones and
	Aidan N. Gomez and
	Lukasz Kaiser and
	Illia Polosukhin},
	title     = {Attention Is All You Need},
	journal   = {CoRR},
	volume    = {abs/1706.03762},
	year      = {2017},
	url       = {http://arxiv.org/abs/1706.03762},
	archivePrefix = {arXiv},
	eprint    = {1706.03762},
	timestamp = {Mon, 13 Aug 2018 16:48:37 +0200},
	biburl    = {https://dblp.org/rec/bib/journals/corr/VaswaniSPUJGKP17},
	bibsource = {dblp computer science bibliography, https://dblp.org}
}

@electronic{rdkit,
	
	author = {Greg Landrum},
	
	title = {RDKit: Open-source cheminformatics},
	
	url ={http://www.rdkit.org}
	
}