@incollection{drewes1997,
    author={Drewes, F. and Kreowski, H.-J. and Habel, A.},
    title={Hyperedge Replacement Graph Grammars},
    booktitle={Handbook of Graph Grammars and Computing by Graph Transformation},
    editor={Rozenberg, Grzegorz},
    year={1997},
    isbn={98-102288-48},
    pages={95--162},
    numpages={68},
    url={http://dl.acm.org/citation.cfm?id=278918.278927},
    acmid={278927},
    publisher={World Scientific Publishing Co., Inc.},
    address={River Edge, NJ, USA},
} 

@article{gage1994,
    author={Gage, Philip},
    title={A new algorithm for data compression},
    year={1994},
    month={February},
    pages={23-38},
    volume={12},
    journal={The C Users Journal}
}

@article{pogany2019,
    author={Pog\'any, Peter and Arad, Navot and Genway, Sam and Pickett, Stephen D.},
    title={De Novo Molecule Design by Translating from Reduced Graphs to SMILES},
    journal={Journal of Chemical Information and Modeling},
    volume={59},
    number={3},
    pages={1136-1146},
    year={2019},
    doi={10.1021/acs.jcim.8b00626},
    URL={https://doi.org/10.1021/acs.jcim.8b00626},
    eprint={https://doi.org/10.1021/acs.jcim.8b00626}
}

@article{walters2019,
    author={Walters, W. Patrick},
    title={Virtual Chemical Libraries},
    journal={Journal of Medicinal Chemistry},
    volume={62},
    number={3},
    pages={1116-1124},
    year={2019},
    doi={10.1021/acs.jmedchem.8b01048},
    note={PMID: 30148631},
    URL={https://doi.org/10.1021/acs.jmedchem.8b01048},
    eprint={https://doi.org/10.1021/acs.jmedchem.8b01048}
}

@article{ruddigkeit2012,
    author={Ruddigkeit, Lars and van Deursen, Ruud and Blum, Lorenz C. and Reymond, Jean-Louis},
    title={Enumeration of 166 Billion Organic Small Molecules in the Chemical Universe Database GDB-17},
    journal={Journal of Chemical Information and Modeling},
    volume={52},
    number={11},
    pages={2864-2875},
    year={2012},
    doi={10.1021/ci300415d},
    note={PMID: 23088335},
    URL={https://doi.org/10.1021/ci300415d},
    eprint={https://doi.org/10.1021/ci300415d}
}

@article{jin2018,
	author   ={Wengong Jin and
	Regina Barzilay and
	Tommi S. Jaakkola},
	title    ={Junction Tree Variational Autoencoder for Molecular Graph Generation},
	journal  ={CoRR},
	volume   ={abs/1802.04364},
	year     ={2018},
	url      ={http://arxiv.org/abs/1802.04364},
	archivePrefix={arXiv},
	eprint   ={1802.04364},
	timestamp={Mon, 13 Aug 2018 16:48:16 +0200},
	biburl   ={https://dblp.org/rec/bib/journals/corr/abs-1802-04364},
	bibsource={dblp computer science bibliography, https://dblp.org}
}

@ARTICLE{kusner2017,
	author={{Kusner}, M.~J. and {Paige}, B. and {Hern{\'a}ndez-Lobato}, J.~M.
	},
	title="{Grammar Variational Autoencoder}",
	journal={ArXiv e-prints},
	archivePrefix="arXiv",
	eprint={1703.01925},
	primaryClass="stat.ML",
	keywords={Statistics - Machine Learning},
	year={2017},
	month=mar,
	adsurl={http://adsabs.harvard.edu/abs/2017arXiv170301925K},
	adsnote={Provided by the SAO/NASA Astrophysics Data System}
}

@incollection{duvenaud2015,
	title={Convolutional Networks on Graphs for Learning Molecular Fingerprints},
	author={Duvenaud, David K and Maclaurin, Dougal and Iparraguirre, Jorge and Bombarell, Rafael and Hirzel, Timothy and Aspuru-Guzik, Alan and Adams, Ryan P},
	booktitle={Advances in Neural Information Processing Systems 28},
	editor={C. Cortes and N. D. Lawrence and D. D. Lee and M. Sugiyama and R. Garnett},
	pages={2224--2232},
	year={2015},
	publisher={Curran Associates, Inc.},
}

@article{kearnes2016,
	author={{Kearnes}, S. and {McCloskey}, K. and {Berndl}, M. and {Pande}, V. and 
	{Riley}, P.},
	title="{Molecular graph convolutions: moving beyond fingerprints}",
	journal={Journal of Computer-Aided Molecular Design},
	archivePrefix="arXiv",
	eprint={1603.00856},
	primaryClass="stat.ML",
	keywords={Machine learning, Virtual screening, Deep learning, Artificial neural networks, Molecular descriptors},
	year={2016},
	month=aug,
	volume=30,
	pages={595-608},
	doi={10.1007/s10822-016-9938-8},
	adsurl={http://adsabs.harvard.edu/abs/2016JCAMD..30..595K},
	adsnote={Provided by the SAO/NASA Astrophysics Data System}
}

@article{gomezbombarelli2016,
	author   ={Rafael G{\'{o}}mez{-}Bombarelli and
	David K. Duvenaud and
	Jos{\'{e}} Miguel Hern{\'{a}}ndez{-}Lobato and
	Jorge Aguilera{-}Iparraguirre and
	Timothy D. Hirzel and
	Ryan P. Adams and
	Al{\'{a}}n Aspuru{-}Guzik},
	title    ={Automatic chemical design using a data-driven continuous representation
	of molecules},
	journal  ={CoRR},
	volume   ={abs/1610.02415},
	year     ={2016},
	url      ={http://arxiv.org/abs/1610.02415},
	archivePrefix={arXiv},
	eprint   ={1610.02415},
	timestamp={Mon, 13 Aug 2018 16:48:11 +0200},
	biburl   ={https://dblp.org/rec/bib/journals/corr/Gomez-Bombarelli16},
	bibsource={dblp computer science bibliography, https://dblp.org}
}

@article{gilmer2017,
	author   ={Justin Gilmer and
	Samuel S. Schoenholz and
	Patrick F. Riley and
	Oriol Vinyals and
	George E. Dahl},
	title    ={Neural Message Passing for Quantum Chemistry},
	journal  ={CoRR},
	volume   ={abs/1704.01212},
	year     ={2017},
	url      ={http://arxiv.org/abs/1704.01212},
	archivePrefix={arXiv},
	eprint   ={1704.01212},
	timestamp={Mon, 13 Aug 2018 16:48:42 +0200},
	biburl   ={https://dblp.org/rec/bib/journals/corr/GilmerSRVD17},
	bibsource={dblp computer science bibliography, https://dblp.org}
}

@article{weininger1988,
	added-at={2011-12-21T01:05:11.000+0100},
	author={Weininger, David},
	biburl={https://www.bibsonomy.org/bibtex/228aa27d2f95c7abc5f2ee8108bce0cee/fairybasslet},
	interhash={9355c8b62f703f5a56486af179ea6dfc},
	intrahash={28aa27d2f95c7abc5f2ee8108bce0cee},
	journal={J. Chem. Inf. Comput. Sci.},
	keywords={SMILES},
	number=1,
	pages={31-36},
	publisher={American Chemical Society},
	timestamp={2011-12-21T01:05:16.000+0100},
	title={SMILES, a chemical language and information system. 1. introduction to methodology and encoding rules},
	volume=28,
	year={1988}
}

@book{BirdKleinLoper09NLTK,
	author={Steven Bird and Ewan Klein and Edward Loper},
	title={{Natural Language Processing with Python}},
	publisher={O'Reilly Media},
	year={2009}
}

@article{zinc15,
	author={Sterling, Teague and Irwin, John J.},
	title={ZINC 15 â€“ Ligand Discovery for Everyone},
	journal={Journal of Chemical Information and Modeling},
	volume={55},
	number={11},
	pages={2324-2337},
	year={2015},
	doi={10.1021/acs.jcim.5b00559},
	note ={PMID: 26479676},
	
	URL={ 
	https://doi.org/10.1021/acs.jcim.5b00559
	
	},
	eprint={ 
	https://doi.org/10.1021/acs.jcim.5b00559
	
	}
	
}

@article{vaswani2017,
	author   ={Ashish Vaswani and
	Noam Shazeer and
	Niki Parmar and
	Jakob Uszkoreit and
	Llion Jones and
	Aidan N. Gomez and
	Lukasz Kaiser and
	Illia Polosukhin},
	title    ={Attention Is All You Need},
	journal  ={CoRR},
	volume   ={abs/1706.03762},
	year     ={2017},
	url      ={http://arxiv.org/abs/1706.03762},
	archivePrefix={arXiv},
	eprint   ={1706.03762},
	timestamp={Mon, 13 Aug 2018 16:48:37 +0200},
	biburl   ={https://dblp.org/rec/bib/journals/corr/VaswaniSPUJGKP17},
	bibsource={dblp computer science bibliography, https://dblp.org}
}

@electronic{rdkit,
	author={Greg Landrum},
	year={2018},
	title={RDKit: Open-source cheminformatics},
	url ={http://www.rdkit.org}
}

@article{kajino2018,
	author   ={Hiroshi Kajino},
	title    ={Molecular Hypergraph Grammar with its Application to Molecular Optimization},
	journal  ={CoRR},
	volume   ={abs/1809.02745},
	year     ={2018},
	url      ={http://arxiv.org/abs/1809.02745},
	archivePrefix={arXiv},
	eprint   ={1809.02745},
	timestamp={Fri, 05 Oct 2018 11:34:52 +0200},
	biburl   ={https://dblp.org/rec/bib/journals/corr/abs-1809-02745},
	bibsource={dblp computer science bibliography, https://dblp.org}
}

@article{kingmawelling14,
	author   ={Diederik P. Kingma and
	Max Welling},
	title    ={Auto-Encoding Variational Bayes},
	journal  ={CoRR},
	volume   ={abs/1312.6114},
	year     ={2013},
	url      ={http://arxiv.org/abs/1312.6114},
	archivePrefix={arXiv},
	eprint   ={1312.6114},
	timestamp={Mon, 13 Aug 2018 16:49:01 +0200},
	biburl   ={https://dblp.org/rec/bib/journals/corr/KingmaW13},
	bibsource={dblp computer science bibliography, https://dblp.org}
}

@article{kraev2018,
  author    = {Egor Kraev},
  title     = {Grammars and reinforcement learning for molecule optimization},
  journal   = {CoRR},
  volume    = {abs/1811.11222},
  year      = {2018},
  url       = {http://arxiv.org/abs/1811.11222},
  archivePrefix = {arXiv},
  eprint    = {1811.11222},
  timestamp = {Fri, 30 Nov 2018 12:44:28 +0100},
  biburl    = {https://dblp.org/rec/bib/journals/corr/abs-1811-11222},
  bibsource = {dblp computer science bibliography, https://dblp.org}
}

@inproceedings{you2018,
 author = {You, Jiaxuan and Liu, Bowen and Ying, Rex and Pande, Vijay and Leskovec, Jure},
 title = {Graph Convolutional Policy Network for Goal-directed Molecular Graph Generation},
 booktitle = {Proceedings of the 32nd International Conference on Neural Information Processing Systems},
 series = {NIPS'18},
 month={},
 year = {2018},
 location = {Montr\&\#233;al, Canada},
 pages = {6412--6422},
 numpages = {11},
 url = {http://dl.acm.org/citation.cfm?id=3327345.3327537},
 acmid = {3327537},
 publisher = {Curran Associates Inc.},
 address = {USA},
} 

@article{dai2018,
  author    = {Hanjun Dai and
               Yingtao Tian and
               Bo Dai and
               Steven Skiena and
               Le Song},
  title     = {Syntax-Directed Variational Autoencoder for Structured Data},
  journal   = {CoRR},
  volume    = {abs/1802.08786},
  year      = {2018},
  url       = {http://arxiv.org/abs/1802.08786},
  archivePrefix = {arXiv},
  eprint    = {1802.08786},
  timestamp = {Mon, 13 Aug 2018 16:49:04 +0200},
  biburl    = {https://dblp.org/rec/bib/journals/corr/abs-1802-08786},
  bibsource = {dblp computer science bibliography, https://dblp.org}
}

@article{simonovsky2018,
  author    = {Martin Simonovsky and
               Nikos Komodakis},
  title     = {GraphVAE: Towards Generation of Small Graphs Using Variational Autoencoders},
  journal   = {CoRR},
  volume    = {abs/1802.03480},
  year      = {2018},
  url       = {http://arxiv.org/abs/1802.03480},
  archivePrefix = {arXiv},
  eprint    = {1802.03480},
  timestamp = {Mon, 13 Aug 2018 16:45:57 +0200},
  biburl    = {https://dblp.org/rec/bib/journals/corr/abs-1802-03480},
  bibsource = {dblp computer science bibliography, https://dblp.org}
}

@article{yang2017,
    author={Xiufeng Yang and Jinzhe Zhang and Kazuki Yoshizoe and Kei Terayama and Koji Tsuda},
    title={ChemTS: an efficient python library for de novo molecular generation},
    journal={Science and Technology of Advanced Materials},
    volume={18},
    number={1},
    pages={972-976},
    year ={2017},
    publisher={Taylor \& Francis},
    doi={10.1080/14686996.2017.1401424},
    note={PMID: 29435094},
    URL={https://doi.org/10.1080/14686996.2017.1401424},
    eprint={https://doi.org/10.1080/14686996.2017.1401424}
}

@article{olivecrona2017,
    author={Olivecrona, Marcus and Blaschke, Thomas and Engkvist, Ola and Chen, Hongming},
    year={2017},
    month={04},
    pages={},
    title={Molecular De Novo Design through Deep Reinforcement Learning},
    volume={9},
    journal={Journal of Cheminformatics},
    doi={10.1186/s13321-017-0235-x}
}

@article{guimaraes2017,
       author = {{Lima Guimaraes}, Gabriel and {Sanchez-Lengeling}, Benjamin and
         {Outeiral}, Carlos and {Cunha Farias}, Pedro Luis and
         {Aspuru-Guzik}, Al{\'a}n},
        title = "{Objective-Reinforced Generative Adversarial Networks (ORGAN) for Sequence Generation Models}",
      journal = {arXiv e-prints},
     keywords = {Statistics - Machine Learning, Computer Science - Machine Learning},
         year = "2017",
        month = "May",
          eid = {arXiv:1705.10843},
        pages = {arXiv:1705.10843},
archivePrefix = {arXiv},
       eprint = {1705.10843},
 primaryClass = {stat.ML},
       adsurl = {https://ui.adsabs.harvard.edu/abs/2017arXiv170510843L},
      adsnote = {Provided by the SAO/NASA Astrophysics Data System}
}

@article{segler2017,
  author    = {Marwin H. S. Segler and
               Thierry Kogej and
               Christian Tyrchan and
               Mark P. Waller},
  title     = {Generating Focussed Molecule Libraries for Drug Discovery with Recurrent
               Neural Networks},
  journal   = {CoRR},
  volume    = {abs/1701.01329},
  year      = {2017},
  url       = {http://arxiv.org/abs/1701.01329},
  archivePrefix = {arXiv},
  eprint    = {1701.01329},
  timestamp = {Mon, 13 Aug 2018 16:46:25 +0200},
  biburl    = {https://dblp.org/rec/bib/journals/corr/SeglerKTW17},
  bibsource = {dblp computer science bibliography, https://dblp.org}
}

@misc{neil2018,
    title={Exploring Deep Recurrent Models with Reinforcement Learning for Molecule Design},
    author={Daniel Neil and Marwin Segler and Laura Guasch and Mohamed Ahmed and Dean Plumbley and Matthew Sellwood and Nathan Brown},
    year={2018},
    url={https://openreview.net/forum?id=HkcTe-bR-},
    month={},
}

@inproceedings{baird1994,
  title={Reinforcement learning in continuous time: advantage updating},
  author={Leemon C. Baird},
  year={1994}
}

@misc{sanchezlengeling2017,
    title={Optimizing distributions over molecular space. An Objective-Reinforced Generative Adversarial Network for Inverse-design Chemistry (ORGANIC)},
    url={https://chemrxiv.org/articles/ORGANIC_1_pdf/5309668/3},
    DOI={10.26434/chemrxiv.5309668.v3},
    publisher={ChemRxiv},
    author={Sanchez-Lengeling and Benjamin and Outeiral and Carlos and Guimaraes and Gabriel L. and Aspuru-Guzik and Alan},
    year={2017},
    month={Aug}
}

@article{putin2018,
    author = {Putin, Evgeny and Asadulaev, Arip and Ivanenkov, Yan and Aladinskiy, Vladimir and Sanchez-Lengeling, Benjamin and Aspuru-Guzik, AlÃ¡n and Zhavoronkov, Alex},
    title = {Reinforced Adversarial Neural Computer for de Novo Molecular Design},
    journal = {Journal of Chemical Information and Modeling},
    volume = {58},
    number = {6},
    pages = {1194-1204},
    year = {2018},
    doi = {10.1021/acs.jcim.7b00690},
    note ={PMID: 29762023},
    URL = {https://doi.org/10.1021/acs.jcim.7b00690},
    eprint = {https://doi.org/10.1021/acs.jcim.7b00690}
}

@article{popova2018,
	author = {Popova, Mariya and Isayev, Olexandr and Tropsha, Alexander},
	title = {Deep reinforcement learning for de novo drug design},
	volume = {4},
	number = {7},
	elocation-id = {eaap7885},
	year = {2018},
	doi = {10.1126/sciadv.aap7885},
	publisher = {American Association for the Advancement of Science},
	URL = {https://advances.sciencemag.org/content/4/7/eaap7885},
	eprint = {https://advances.sciencemag.org/content/4/7/eaap7885.full.pdf},
	journal = {Science Advances}
}

@article{kondratyuk2019,
  author    = {Daniel Kondratyuk},
  title     = {75 Languages, 1 Model: Parsing Universal Dependencies Universally},
  journal   = {CoRR},
  volume    = {abs/1904.02099},
  year      = {2019},
  url       = {http://arxiv.org/abs/1904.02099},
  archivePrefix = {arXiv},
  eprint    = {1904.02099},
  timestamp = {Wed, 24 Apr 2019 12:21:25 +0200},
  biburl    = {https://dblp.org/rec/bib/journals/corr/abs-1904-02099},
  bibsource = {dblp computer science bibliography, https://dblp.org}
}

@article{brown2019,
author = {Brown, Nathan and Fiscato, Marco and Segler, Marwin H.S. and Vaucher, Alain C.},
title = {GuacaMol: Benchmarking Models for de Novo Molecular Design},
journal = {Journal of Chemical Information and Modeling},
volume = {59},
number = {3},
pages = {1096-1108},
year = {2019},
doi = {10.1021/acs.jcim.8b00839},

URL = { 
        https://doi.org/10.1021/acs.jcim.8b00839
    
},
eprint = { 
        https://doi.org/10.1021/acs.jcim.8b00839
    
}

}

@article{kool2018,
       author = {{Kool}, Wouter and {van Hoof}, Herke and {Welling}, Max},
        title = "{Attention, Learn to Solve Routing Problems!}",
      journal = {arXiv e-prints},
     keywords = {Statistics - Machine Learning, Computer Science - Machine Learning},
         year = "2018",
        month = "Mar",
          eid = {arXiv:1803.08475},
        pages = {arXiv:1803.08475},
archivePrefix = {arXiv},
       eprint = {1803.08475},
 primaryClass = {stat.ML},
       adsurl = {https://ui.adsabs.harvard.edu/abs/2018arXiv180308475K},
      adsnote = {Provided by the SAO/NASA Astrophysics Data System}
}

